% !TeX encoding = Windows-1251

@ARTICLE{1,
  author          = {SkillFactoryMedia},
  title           = {Who is the developer and what does he do},
  year            = {2023},
  language        = {russian},
  note            = {URL: https://blog.skillfactory.ru/razrabotchik-eto-kto/},
}

@ARTICLE{2,
  author          = {Indeed Editorial Team},
  title           = {Programmer vs Developer: What's the Difference?},
  year            = {2023},
  language        = {english},
  note            = {https://www.indeed.com/career-advice/finding-a-job/developer-vs-programmer},
}

@ARTICLE{3,
  author          = {A Волков},
  title           = {современные технологии вёрстки и frontend},
  year            = {2021},
  language        = {russian},
  note            = {https://www.elibrary.ru/item.asp?id=47532377},
}

@ARTICLE{4,
  author          = {Урусов Р.И., Большакова А.А.},
  title           = {Базовые компетенции Backend-разработчика},
  year            = {2023},
  language        = {russian},
  note            = {URL: https://www.elibrary.ru/item.asp?id=54281883},
}

@ARTICLE{5,
  author          = {Сугаипов И.Н., Большакова А.А.},
  title           = {Основы fullstack-разработки},
  year            = {2023},
  language        = {russian},
  note            = {URL: https://www.elibrary.ru/item.asp?id=54208000},
}

@ONLINE{6,
  title           = {JavaScript},
  year            = {2023},
  language        = {russian},
  note            = {URL: https://developer.mozilla.org/\\ru/docs/Learn/JavaScript},
}

@ARTICLE{7,
  author          = {Потапова Н.В., Большакова А.А.},
  title           = {Php, ruby, python - на чем остановить свой выбор студенту при изучении веб-разработки?},
  year            = {2017},
  language        = {russian},
  note            = {URL: https://www.elibrary.ru/item.asp?id=29255848},
}

@ARTICLE{8,
  author          = {Байдыбеков A.A.,льшакова А.А.},
  title           = {Cовременные фреймворки для разработки web-приложений},
  year            = {2017},
  language        = {russian},
  note            = {URL: https://www.elibrary.ru/item.asp?id=44547749},
}

@ARTICLE{9,
  author          = {Филатов В.В., Чигарина Е.И.},
  title           = {Сравнительный анализ особенностей проектирования и реализации запросов в реляционных и документно-ориентированных базах данных на примере субд sql server и mongodb},
  year            = {2020},
  language        = {russian},
  note            = {URL: https://www.elibrary.ru/item.asp?id=44547749},
}

@ARTICLE{10,
  author          = {Харлампиди Р.П., Большакова А.А.},
  title           = {Прогрессивные веб-приложения: обзор современных методов, инструментов и практик},
  year            = {2023},
  language        = {russian},
  note            = {URL: https://www.elibrary.ru/item.asp?id=54214265},
}

@ARTICLE{11,
  author          = {Appcraft},
  title           = {Разработка мобильных приложений и сервисов},
  year            = {2020},
  language        = {russian},
  note            = {URL: https://appcraft.pro/blog/nativnajarazrabotka/  },
}

@ARTICLE{12,
  author          = {Zerocoder},
  title           = {Интеллект на службе веб-разработки: как искусственный интеллект и машинное обучение меняют игру},
  year            = {2020},
  language        = {russian},
  note            = {URL: https://ya.zerocoder.ru/pgt-intellekt-na-sluzhbe-veb-razrabotki-kak-iskusstvennyj-intellekt-i-mashinnoe-obuchenie-menyajut-igru/},
}

@ARTICLE{13,
  author          = {Алаудинов},
  title           = {Разработка веб-сайта,основные этапы разработки},
  year            = {2022},
  language        = {russian},
  note            = {URL: https://www.elibrary.ru/item.asp?id=50073509},
}
